<record><leader>00000cas a22000007a 4500</leader><controlfield tag="001">16816060</controlfield><controlfield tag="008">871006d1891189uinudr ne      0    0eng d</controlfield><datafield ind1=" " ind2=" " tag="010"><subfield code="a">sn 87056792 </subfield></datafield><datafield ind1=" " ind2=" " tag="040"><subfield code="a">NPI</subfield><subfield code="b">eng</subfield><subfield code="c">NPI</subfield><subfield code="d">OCLCQ</subfield></datafield><datafield ind1=" " ind2=" " tag="042"><subfield code="a">msc</subfield></datafield><datafield ind1="0" ind2=" " tag="130"><subfield code="a">Daily gleaner (Owensville, Ind.)</subfield></datafield><datafield ind1="1" ind2="4" tag="245"><subfield code="a">The daily gleaner.</subfield></datafield><datafield ind1=" " ind2=" " tag="260"><subfield code="a">Owensville, Ind. :</subfield><subfield code="b">J.C. Gorman,</subfield><subfield code="c">1891-</subfield></datafield><datafield ind1=" " ind2=" " tag="310"><subfield code="a">Daily</subfield></datafield><datafield ind1="0" ind2=" " tag="362"><subfield code="a">Vol. 1, no. 1 (Sept. 15, 1891)-</subfield></datafield><datafield ind1=" " ind2=" " tag="580"><subfield code="a">Issued also in weekly edition called: Owensville gleaner.</subfield></datafield><datafield ind1=" " ind2=" " tag="588"><subfield code="a">Latest issue consulted: Vol. 1, no. 3 (Sept. 17, 1891)</subfield></datafield><datafield ind1=" " ind2=" " tag="752"><subfield code="a">United States</subfield><subfield code="b">Indiana</subfield><subfield code="c">Gibson</subfield><subfield code="d">Owensville.</subfield></datafield><datafield ind1="1" ind2=" " tag="775"><subfield code="t">Owensville gleaner</subfield><subfield code="w">(DLC)sn 87056791</subfield></datafield></record>